% Encoding: UTF-8

@InProceedings{Pydial_2017,
  author    = {Ultes, Stefan and Rojas-Barahona, Lina and Su, Pei-Hao and Vandyke, David and Kim, Dongho and Casanueva, I{\~{n}}igo and Budzianowski, Pawe{\l} and Mrk{\v s}i{\'{c}}, Nikola and Wen, Tsung-Hsien and Ga{\v s}i{\'{c}}, Milica and Young, Steve},
  title     = {PyDial: A Multi-domain Statistical Dialogue System Toolkit},
  booktitle = {Proceedings of ACL 2017, System Demonstrations},
  year      = {2017},
  pages     = {73--78},
  address   = {Vancouver, Canada},
  month     = jul,
  publisher = {Association for Computational Linguistics},
  url       = {http://aclweb.org/anthology/P17-4013},
}

@Misc{JSON,
  author    = {Douglas Crockford},
  title     = {JSON: JavaScript Object Notation},
  year      = {2002},
  timestamp = {2018-09-30},
  url       = {https://json.org/},
}

@Misc{IMDb,
  author    = {Col Needham},
  title     = {Internet Movie Database},
  year      = {1990},
  timestamp = {2018-09-30},
  url       = {https://www.imdb.com/},
}

@article{Levenshtein,
   author = {Vladimir Levenshtein},
    title = "{Binary Codes Capable of Correcting Deletions, Insertions and Reversals}",
  journal = {Soviet Physics Doklady},
     year = 1966,
    month = feb,
   volume = 10,
    pages = {707},
   adsurl = {http://adsabs.harvard.edu/abs/1966SPhD...10..707L},
   }


@Comment{jabref-meta: databaseType:bibtex;}
